<?xml version="1.0" encoding="UTF-8"?>
<SOAP-ENV:Envelope xmlns:SOAP-ENV="http://schemas.xmlsoap.org/soap/envelope/" xmlns:mx="http://www.loc.gov/MARC21/slim" xmlns:of="http://oss.dbc.dk/ns/openformat"><SOAP-ENV:Body><of:formatResponse><marc21><mx:record format="MARC21" type="Bibliographic"><mx:leader>00000nmm a22000000c 4500</mx:leader><mx:controlfield tag="007">c|||||</mx:controlfield><mx:controlfield tag="008">110408s2011    dk |||| o||g| ||||||mul|d</mx:controlfield><mx:datafield ind1="1" ind2=" " tag="029"><mx:subfield code="a">DKDLA</mx:subfield><mx:subfield code="b">870970-basis:28735596</mx:subfield></mx:datafield><mx:datafield ind1=" " ind2=" " tag="040"><mx:subfield code="a">DKDLA</mx:subfield><mx:subfield code="b">dan</mx:subfield><mx:subfield code="c">DKDLA</mx:subfield><mx:subfield code="e">kbsdb</mx:subfield></mx:datafield><mx:datafield ind1="0" ind2=" " tag="041"><mx:subfield code="a">dan</mx:subfield><mx:subfield code="a">nor</mx:subfield><mx:subfield code="a">swe</mx:subfield></mx:datafield><mx:datafield ind1=" " ind2=" " tag="049"><mx:subfield code="a">DK-190101</mx:subfield></mx:datafield><mx:datafield ind1=" " ind2=" " tag="084"><mx:subfield code="a">79.41</mx:subfield><mx:subfield code="2">z</mx:subfield></mx:datafield><mx:datafield ind1="0" ind2="0" tag="245"><mx:subfield code="a">Matematik i M책neby /</mx:subfield><mx:subfield code="c">udarbejdet af Bitfrost Interactive I/S</mx:subfield></mx:datafield><mx:datafield ind1=" " ind2=" " tag="250"><mx:subfield code="a">Ver. 1.03</mx:subfield></mx:datafield><mx:datafield ind1=" " ind2=" " tag="260"><mx:subfield code="b">[Bitfrost],</mx:subfield><mx:subfield code="c">[2011]</mx:subfield></mx:datafield><mx:datafield ind1=" " ind2=" " tag="538"><mx:subfield code="a">Systemkrav: PC, med Windows 98 eller nyere (Macintosh: OS 10.x) Lydkort 750 MHz processor  128 MB ram</mx:subfield></mx:datafield><mx:datafield ind1=" " ind2=" " tag="546"><mx:subfield code="a">P책 dansk, norsk og svensk</mx:subfield></mx:datafield><mx:datafield ind1="2" ind2=" " tag="710"><mx:subfield code="a">Bitfrost Interactive</mx:subfield></mx:datafield><mx:datafield ind1=" " ind2=" " tag="856"><mx:subfield code="z">Adgangsm책de: Internet</mx:subfield><mx:subfield code="u">http://downlaan.spilogmedier.dk/product/lp26063/</mx:subfield><mx:subfield code="z">Adgang til l책n for biblioteksbrugere i visse kommuner</mx:subfield></mx:datafield><mx:datafield ind1=" " ind2=" " tag="901"><mx:subfield code="a">794</mx:subfield></mx:datafield></mx:record><hs activity="insert">DKDLA</hs></marc21></of:formatResponse></SOAP-ENV:Body></SOAP-ENV:Envelope>
